%! Author = ashutosh
%! Date = 5/17/22

@inproceedings{erkan-2006-language,
    title = "Language Model-Based Document Clustering Using Random Walks",
    author = {Erkan, G{\"u}ne{\c{s}}},
    booktitle = "Proceedings of the Human Language Technology Conference of the {NAACL}, Main Conference",
    month = jun,
    year = "2006",
    address = "New York City, USA",
    publisher = "Association for Computational Linguistics",
    url = "https://aclanthology.org/N06-1061",
    pages = "479--486",
}